<record><leader>00000cas a22000007a 4500</leader><controlfield tag="001">14292213</controlfield><controlfield tag="008">861002d184018uutxuir ne      0    0eng d</controlfield><datafield ind1=" " ind2=" " tag="010"><subfield code="a">sn 86089370 </subfield></datafield><datafield ind1=" " ind2=" " tag="040"><subfield code="a">PPM</subfield><subfield code="b">eng</subfield><subfield code="c">PPM</subfield><subfield code="d">OCLCQ</subfield></datafield><datafield ind1=" " ind2=" " tag="042"><subfield code="a">msc</subfield></datafield><datafield ind1="0" ind2="4" tag="245"><subfield code="a">The Musquito.</subfield></datafield><datafield ind1=" " ind2=" " tag="260"><subfield code="a">Houston, Tex. :</subfield><subfield code="b">[s.n.]</subfield></datafield><datafield ind1=" " ind2=" " tag="300"><subfield code="a">v. ;</subfield><subfield code="c">31 cm.</subfield></datafield><datafield ind1=" " ind2=" " tag="310"><subfield code="a">Triweekly</subfield></datafield><datafield ind1="1" ind2=" " tag="362"><subfield code="a">Began in 1840?</subfield></datafield><datafield ind1=" " ind2=" " tag="500"><subfield code="a">Editor: George H. French.</subfield></datafield><datafield ind1=" " ind2=" " tag="588"><subfield code="a">Description based on: Vol. 1, no. 59 (Feb. 7, 1841).</subfield></datafield><datafield ind1=" " ind2=" " tag="752"><subfield code="a">United States</subfield><subfield code="b">Texas</subfield><subfield code="c">Harris</subfield><subfield code="d">Houston.</subfield></datafield><datafield ind1="1" ind2=" " tag="029"><subfield code="a">AU@</subfield><subfield code="b">000025839985</subfield></datafield></record>